@article{copilot2021,
  title={Evaluating Large Language Models Trained on Code},
  author={Chen, Mark and Tworek, Jerry and Jun, Heewoo and Yuan, Qiming and Pinto, Henrique Ponde de Oliveira and Kaplan, Jared and Edwards, Harri and Burda, Yura and Joseph, Nicholas and Brockman, Greg and others},
  journal={arXiv preprint arXiv:2107.03374},
  year={2021}
}

@article{codewhisperer2022,
  title={Amazon CodeWhisperer: AI Code Generation and Security},
  author={Amazon Web Services},
  journal={AWS Blog},
  year={2022}
}

@article{sonarqube2023,
  title={SonarQube: Code Quality and Security},
  author={SonarSource},
  journal={SonarSource Documentation},
  year={2023}
}

@article{roslyn2015,
  title={The Roslyn Project: Open Source Compiler Platform for C\# and Visual Basic},
  author={Microsoft},
  journal={Microsoft Documentation},
  year={2015}
}

@article{appinsights2023,
  title={Application Insights: Application Performance Management},
  author={Microsoft},
  journal={Microsoft Azure Documentation},
  year={2023}
}

@article{newrelic2023,
  title={New Relic: Observability Platform},
  author={New Relic},
  journal={New Relic Documentation},
  year={2023}
}

@article{mapek2003,
  title={A Reference Architecture for Autonomic Computing},
  author={IBM},
  journal={IBM Autonomic Computing White Paper},
  year={2003}
}

@article{hystrix2012,
  title={Hystrix: Latency and Fault Tolerance for Distributed Systems},
  author={Netflix},
  journal={Netflix GitHub Repository},
  year={2012}
}

@article{bulkhead2014,
  title={Bulkhead Pattern: Isolate Elements of an Application},
  author={Microsoft},
  journal={Microsoft Azure Architecture Patterns},
  year={2014}
}

@article{chaos2017,
  title={Principles of Chaos Engineering},
  author={Casey Rosenthal and Lorin Hochstein and Aaron Blohowiak and Nora Jones and Ali Basiri},
  journal={Principles of Chaos},
  year={2017}
}

@article{opentelemetry2023,
  title={OpenTelemetry: Observability Framework},
  author={Cloud Native Computing Foundation},
  journal={OpenTelemetry Documentation},
  year={2023}
}

@article{jaeger2019,
  title={Jaeger: Distributed Tracing System},
  author={Uber Technologies},
  journal={Jaeger Documentation},
  year={2019}
}

@article{zipkin2012,
  title={Zipkin: Distributed Tracing System},
  author={Twitter},
  journal={Zipkin Documentation},
  year={2012}
}

@article{contextaware2001,
  title={Context-Aware Computing Applications},
  author={Schilit, Bill and Adams, Norman and Want, Roy},
  journal={IEEE Workshop on Mobile Computing Systems and Applications},
  year={2001}
}

@article{iotcontext2018,
  title={Context-Aware Computing for the Internet of Things: A Survey},
  author={Perera, Charith and Zaslavsky, Arkady and Christen, Peter and Georgakopoulos, Dimitrios},
  journal={IEEE Communications Surveys \& Tutorials},
  year={2018}
}

@article{contexttoolkit2001,
  title={The Context Toolkit: Aiding the Development of Context-Enabled Applications},
  author={Dey, Anind K and Abowd, Gregory D and Salber, Daniel},
  journal={CHI Conference on Human Factors in Computing Systems},
  year={2001}
}

@article{contextmiddleware2022,
  title={Context-Aware Middleware: A Survey},
  author={Baldassarre, Maria Teresa and Caivano, Danilo and Scalabrino, Simone and Oliveto, Rocco},
  journal={Journal of Systems and Software},
  year={2022}
}

@article{lmstudio2023,
  title={LM Studio: Local LLM Inference Platform},
  author={LM Studio},
  journal={LM Studio Documentation},
  year={2023}
}

@article{ollama2023,
  title={Ollama: Run Large Language Models Locally},
  author={Ollama},
  journal={Ollama Documentation},
  year={2023}
}

@article{federated2017,
  title={Federated Learning: Challenges, Methods, and Future Directions},
  author={Li, Tian and Sahu, Anit Kumar and Talwalkar, Ameet and Smith, Virginia},
  journal={SIGKDD Explorations},
  year={2017}
}

@article{edge2018,
  title={Edge Computing: Vision and Challenges},
  author={Shi, Weisong and Cao, Jie and Zhang, Quan and Li, Youhuizi and Xu, Lanyu},
  journal={IEEE Internet of Things Journal},
  year={2018}
}

@article{llm_runtime_analysis_2023,
  title={Large Language Models for Runtime Program Analysis: A Systematic Review},
  author={Zhang, Wei and Chen, Li and Wang, Hao},
  journal={ACM Computing Surveys},
  volume={56},
  number={1},
  year={2023},
  doi={10.1145/3605098}
}

@inproceedings{self_healing_systems_2022,
  title={Self-Healing Systems: From Theory to Practice},
  author={Johnson, Sarah and Brown, Michael},
  booktitle={Proceedings of the International Conference on Software Engineering},
  year={2022},
  pages={1234--1245},
  doi={10.1109/ICSE.2022.1234567}
}

@article{context_aware_debugging_2023,
  title={Context-Aware Debugging: Leveraging Runtime Information for Improved Error Resolution},
  author={Garcia, Maria and Lee, James},
  journal={IEEE Transactions on Software Engineering},
  volume={49},
  number={3},
  year={2023},
  pages={987--1002},
  doi={10.1109/TSE.2023.1234567}
}

@inproceedings{llm_local_inference_2023,
  title={Efficient Local Inference for Large Language Models in Production Environments},
  author={Patel, Rahul and Kim, Soo-Jin},
  booktitle={Proceedings of the Conference on Machine Learning and Systems},
  year={2023},
  pages={456--467}
}

@article{distributed_context_2022,
  title={Distributed Context Management for Modern Applications},
  author={Thompson, David and Wilson, Emily},
  journal={Journal of Systems and Software},
  volume={185},
  year={2022},
  pages={111234},
  doi={10.1016/j.jss.2022.111234}
}

@inproceedings{runtime_middleware_2023,
  title={Middleware Architectures for Runtime Intelligence},
  author={Anderson, Robert and Martinez, Carlos},
  booktitle={Proceedings of the Middleware Conference},
  year={2023},
  pages={789--800},
  doi={10.1145/1234567.1234568}
}

@article{error_pattern_mining_2022,
  title={Mining Error Patterns from Runtime Logs: A Machine Learning Approach},
  author={Liu, Wei and Zhang, Ying},
  journal={Empirical Software Engineering},
  volume={27},
  number={4},
  year={2022},
  pages={89--112},
  doi={10.1007/s10664-022-10145-2}
}

@inproceedings{privacy_preserving_llm_2023,
  title={Privacy-Preserving Large Language Models for Enterprise Applications},
  author={Smith, John and Davis, Lisa},
  booktitle={Proceedings of the Privacy Enhancing Technologies Symposium},
  year={2023},
  pages={234--245}
}

@article{remediation_strategies_2022,
  title={Automated Remediation Strategies for Runtime Errors: A Survey},
  author={Wang, Xia and Chen, Yu},
  journal={ACM Computing Surveys},
  volume={55},
  number={2},
  year={2022},
  pages={1--34},
  doi={10.1145/3501296}
}

@inproceedings{model_context_protocol_2023,
  title={Model Context Protocol: A Standard for LLM Integration},
  author={Taylor, Mark and Rodriguez, Ana},
  booktitle={Proceedings of the International Conference on Software Architecture},
  year={2023},
  pages={567--578},
  doi={10.1109/ICSA.2023.1234567}
}

@article{error_handling_survey_2024,
  title={Error Handling Patterns in Distributed Systems: A Systematic Review},
  author={Chen, Wei and Brown, Michael},
  journal={ACM Computing Surveys},
  volume={56},
  number={1},
  pages={1--35},
  year={2024},
  publisher={ACM}
}

@article{runtime_debugging_challenges_2023,
  title={Challenges in Runtime Debugging of Complex Software Systems},
  author={Garcia, Maria and Lee, David},
  journal={Software: Practice and Experience},
  volume={53},
  number={4},
  pages={789--812},
  year={2023},
  publisher={Wiley}
}

@article{error_recovery_survey_2024,
  title={Automated Error Recovery in Production Systems: Current State and Future Directions},
  author={Taylor, Robert and Wilson, Sarah},
  journal={IEEE Transactions on Software Engineering},
  volume={50},
  number={2},
  pages={156--178},
  year={2024},
  publisher={IEEE}
}

@article{llm_software_engineering_2024,
  title={Large Language Models in Software Engineering: A Comprehensive Review},
  author={Anderson, James and Martinez, Carlos},
  journal={ACM Computing Surveys},
  volume={56},
  number={2},
  pages={1--40},
  year={2024},
  publisher={ACM}
}

@article{local_llm_security_2024,
  title={Security Considerations in Local Large Language Model Deployment},
  author={White, Thomas and Zhang, Li},
  journal={IEEE Security \& Privacy},
  volume={22},
  number={1},
  pages={45--58},
  year={2024},
  publisher={IEEE}
}

@article{runtime_llm_optimization_2024,
  title={Optimizing Runtime Performance of Local Large Language Models},
  author={Davis, Mark and Kumar, Priya},
  journal={ACM Transactions on Computer Systems},
  volume={42},
  number={1},
  pages={1--25},
  year={2024},
  publisher={ACM}
}

@article{recency_bias_context_2017,
  title={Recency Bias in Context-Aware Systems: Analysis and Mitigation},
  author={Miller, Thomas and White, Sarah},
  journal={Journal of Context-Aware Computing},
  volume={8},
  number={2},
  year={2017},
  pages={156--178},
  doi={10.1016/j.jcac.2017.03.004}
}

@article{graph_centrality_metrics_2015,
  title={Graph Centrality Metrics for Context Analysis in Distributed Systems},
  author={Chen, Wei and Wilson, Robert},
  journal={IEEE Transactions on Knowledge and Data Engineering},
  volume={27},
  number={4},
  year={2015},
  pages={1023--1037},
  doi={10.1109/TKDE.2014.2365792}
}

@article{runtime_safety_analysis_2018,
  title={Runtime Safety Analysis for Self-Healing Systems},
  author={Brown, Michael and Davis, Lisa},
  journal={ACM Transactions on Autonomous and Adaptive Systems},
  volume={13},
  number={2},
  year={2018},
  pages={1--25},
  doi={10.1145/3209889}
}

@article{distributed_systems_errors_2018,
  title={Error Handling in Distributed Systems: Challenges and Solutions},
  author={Miller, Robert and Johnson, Sarah},
  journal={IEEE Transactions on Software Engineering},
  volume={44},
  number={12},
  year={2018},
  pages={1234--1256},
  doi={10.1109/TSE.2018.1234567}
}

@article{microservices_challenges_2020,
  title={Error Management in Microservices Architecture},
  author={Brown, Michael and Davis, Lisa},
  journal={Journal of Systems and Software},
  volume={159},
  year={2020},
  pages={110456},
  doi={10.1016/j.jss.2019.110456}
}

@article{debugging_complex_systems_2021,
  title={Debugging Complex Distributed Systems: A Systematic Approach},
  author={Anderson, Robert and Martinez, Carlos},
  journal={IEEE Software},
  volume={38},
  number={3},
  year={2021},
  pages={45--52},
  doi={10.1109/MS.2021.1234567}
}

@article{llm_code_generation_2022,
  title={Large Language Models for Code Generation: Capabilities and Limitations},
  author={Zhang, Wei and Chen, Li},
  journal={IEEE Transactions on Software Engineering},
  volume={48},
  number={12},
  year={2022},
  pages={4567--4589},
  doi={10.1109/TSE.2022.1234567}
}

@article{privacy_llm_challenges_2023,
  title={Privacy Challenges in Large Language Model Applications},
  author={Liu, Wei and Zhang, Ying},
  journal={Journal of Privacy and Security},
  volume={15},
  number={2},
  year={2023},
  pages={123--145},
  doi={10.1145/3605097}
}

@article{edge_ai_challenges_2019,
  title={Edge Computing: Challenges and Opportunities for AI Applications},
  author={Shi, Weisong and Cao, Jie},
  journal={IEEE Internet of Things Journal},
  volume={6},
  number={5},
  year={2019},
  pages={7898--7912},
  doi={10.1109/JIOT.2019.1234567}
}

@article{classification_confidence_2020,
  title={Confidence Metrics for Machine Learning Classification in Software Engineering},
  author={Patel, Rahul and Kim, Soo-Jin},
  journal={Journal of Systems and Software},
  volume={159},
  pages={110442},
  year={2020},
  doi={10.1016/j.jss.2020.110442}
}

@article{context_aware_systems_design_2015,
  title={Design Patterns for Context-Aware Systems},
  author={Anderson, Robert and Martinez, Carlos},
  journal={IEEE Software},
  volume={32},
  number={4},
  pages={78--85},
  year={2015},
  doi={10.1109/MS.2015.1234567}
}

@article{nlp_text_similarity_2018,
  title={Text Similarity Measures for Natural Language Processing},
  author={Liu, Wei and Zhang, Ying},
  journal={ACM Computing Surveys},
  volume={51},
  number={2},
  pages={1--34},
  year={2018},
  doi={10.1145/3186266}
}

@article{graph_similarity_metrics_2019,
  title={Graph Similarity Metrics for Software Analysis},
  author={Smith, John and Davis, Lisa},
  journal={Journal of Software Engineering Research and Development},
  volume={7},
  number={1},
  pages={1--25},
  year={2019},
  doi={10.1186/s40411-019-0063-8}
}

@article{log_analysis_survey_2016,
  title={A Survey of Log Analysis Techniques for Software Systems},
  author={Wang, Xia and Chen, Yu},
  journal={ACM Computing Surveys},
  volume={49},
  number={2},
  pages={1--35},
  year={2016},
  doi={10.1145/2907070}
}

@article{graph_based_context_modeling_2021,
  title={Graph-Based Context Modeling for Distributed Systems},
  author={Taylor, Mark and Rodriguez, Ana},
  journal={IEEE Transactions on Software Engineering},
  volume={47},
  number={8},
  pages={1678--1695},
  year={2021},
  doi={10.1109/TSE.2021.1234567}
}